%% --- In reverse chronological order: add new publications to top
@preamble{ " \newcommand{\noop}[1]{} " } % a do-nothing command that serves a purpose

@article{Akiki2023,
   author = {Christopher Akiki and Alyssa Bagoyo and Rebecca Burton and Benjamin S. Draper and Sion Jung and Pierre Kawak and Taggart Nakamoto and Karla J. Vargas and Douglas R. Tree},
%   doi = {10.1063/5.0067788},
%   issn = {0021-9606},
%   journal = {Journal of Chemical Physics},
%   month = {11},
   title = {The Search for a Molecular-Level Understanding of Nucleation in Polymer Crystallization},
%   year = {2021},
   year  = "\noop{3001}in preparation",

}

@article{Kawak2023,
   author = {Pierre Kawak and Christopher Akiki and Douglas R. Tree},
   doi = {10.26434/chemrxiv-2023-374qx},
%   issn = {0021-9606},
   journal = {ChemRxiv},
   month = {3},
   title = {The effect of local chain stiffness on the mechanism of crystal nucleation in an oligomer melt},
   year = {2023},
}

@article{Kawak2021,
   author = {Pierre Kawak and Dakota S. Banks and Douglas R. Tree},
   doi = {10.1063/5.0067788},
%   issn = {0021-9606},
   journal = {Journal of Chemical Physics},
   pages = {214902},
%   month = {11},
   title = {Semiflexible oligomers crystallize via a cooperative phase transition},
   volume = {155},
   year = {2021},
}

@article{Salkho2018,
    author = {Salkho, Najla M. and Paul, Vinod and Kawak, Pierre and Vitor, Rute F. and Martins, Ana M. and {Al Sayah}, Mohammad and Husseini, Ghaleb A.},
    doi = {10.1080/21691401.2018.1459634},
%issn = {2169-1401},
    journal = {Artificial Cells, Nanomedicine, and Biotechnology},
%number = {sup2},
    pages = {462--472},
    title = {{Ultrasonically controlled estrone-modified liposomes for estrogen-positive breast cancer therapy}},
%url = {https://www.tandfonline.com/doi/full/10.1080/21691401.2018.1459634},
    volume = {46},
    year = {2018}
}

@article{Kawak2017,
    author={Kawak, Pierre},
    journal={American University of Sharjah Theses \& Dissertations: Masters Theses},
    title={Ultrasound triggered release of estrone- targeted liposomes},
%url={https://195.229.158.125:8443/xmlui/handle/11073/8858}, 
%month={May},
    year={2017}
}
