%% --- In reverse chronological order: add new publications to top

@article{Kawak2024,
   author = {Pierre Kawak and Harshad Bhapkar and David S. Simmons},
   title = {Relaxation Processes in a Deformed Polymer Nanocomposite Visualized by Spatially Resolved Molecular Dynamics},
   year  = "\noop{3001}in preparation",
}

@article{Simmons2024,
   author = {David S. Simmons and Pierre Kawak},
   title = {Amorphous Molecular Dynamics Analysis Toolkit (AMDAT)},
   year  = "\noop{3001}in preparation",
}

@article{Kawak2023a,
   author = {Pierre Kawak and Harshad Bhapkar and David S. Simmons},
   title = {Central role of filler-polymer interplay in nonlinear reinforcement of elastomeric nanocomposites},
   doi = {10.48550/arXiv.2310.18433},
   publisher = {In Review; arXiv},
   journal = {In Review},
   year = {2023},
}

@article{Doug2023,
   author = {Douglas R. Tree and Pierre Kawak},
%   doi = {10.1063/5.0067788},
%   issn = {0021-9606},
%   journal = {Journal of Chemical Physics},
%   month = {11},
   title = {The Search for a Molecular-Level Understanding of Nucleation in Polymer Crystallization},
%   year = {2021},
   year  = "\noop{3001}in preparation",
}
