%% --- In reverse chronological order: add new publications to top
%% Dont open with bibdesk -- it destroys my comments

%%%%%%%%%%%%%%
%%   2010   %%
%%%%%%%%%%%%%%
@inbook{Hu:2010,
	Author = {Hu, Peng and Tree, Douglas R. and Lewis, Randy S.},
  usera={2},
	Chapter = {Syngas fermentation to ethanol: Challenges and opportunities},
	Number = {11},
	Pages = {230-232},
	Publisher = {American Society of Civil Engineers},
	Title = {Bioenergy and Biofuel from Biowastes and Biomass},
	Year = {2010}}
%	Editor = {Samir K. Khanal and Rao Y. Surampalli and Tian C. Zhang and Buddhi P. Lamsal and R.D. Tyagi and C.M. Kao},


