%% --- In reverse chronological order: add new publications to top

%%%%%%%%%%%%%%
%%   2024   %%
%%%%%%%%%%%%%%

% {{{
@inproceedings{GRC2024,
	Author = {\textbf{Pierre} \textbf{Kawak}},
	Month = {7},
	Organization = {Gordon Research Conferences},
	Series = {GRC Polymer Physics},
	Address = {South Hadley, MA},
	Title = {Filler-Filler Contacts Reinforce Filled Elastomers at High Strains},
	Year = {2024},
}
% }}}

% {{{
@inproceedings{AIChE2024b,
	Author = {\textbf{Pierre} \textbf{Kawak}},
	Month = {10},
	Organization = {American Institute of Chemical Engineers},
	Series = {AIChE Annual Meeting},
	Address = {San Diego, CA},
	Title = {Molecular Simulations for Greener Polymers: From Theory to Reality},
	Year = {2024},
}
% }}}

% {{{
@inproceedings{AIChE2024a,
	Author = {\textbf{Pierre} \textbf{Kawak} and Harshad Bhapkar and David S. Simmons},
	Month = {10},
	Organization = {American Institute of Chemical Engineers},
	Series = {AIChE Annual Meeting},
	Address = {San Diego, CA},
	Title = {Contrasting Reinforcement Mechanisms in Elastomeric Nanocomposites},
	Year = {2024},
}
% }}}

% {{{
@inproceedings{APS2024a,
	Author = {\textbf{Pierre} \textbf{Kawak} and Harshad Bhapkar and David S. Simmons},
	Month = {3},
	Organization = {American Physical Society},
	Series = {APS March Meeting},
	Address = {Minneapolis, MN},
	Title = {Polymer-Filler Competition-Driven Reinforcement Beyond the Payne Effect in Elastomeric Nanocomposites},
	Year = {2024},
}
% }}}

% {{{
@inproceedings{APS2024b,
	Author = {Harshad Bhapkar and \textbf{Pierre} \textbf{Kawak} and David S. Simmons},
	Month = {3},
	Organization = {American Physical Society},
	Series = {APS March Meeting},
	Address = {Minneapolis, MN},
	Title = {Exploring the Effects of Nanoparticle Loading, Dispersion and Structure on the Stress Response of Elastomeric Nanocomposites},
	Year = {2024},
}
% }}}

%%%%%%%%%%%%%%
%%   2023   %%
%%%%%%%%%%%%%%

% {{{
@inproceedings{AIChE2023a,
	Author = {\textbf{Pierre} \textbf{Kawak} and David S. Simmons and Douglas R. Tree},
	Month = {11},
	Organization = {American Institute of Chemical Engineers},
	Series = {AIChE Annual Meeting},
	Address = {Orlando, FL},
	Title = {Rational Sustainable Polymer Materials Design Using Multiscale Simulation and Theory},
	Year = {2023},
%    url = {http://meetings.aps.org/Meeting/MAR21/Session/Y04.4}
}
% }}}

% {{{
@inproceedings{AIChE2023b,
	Author = {\textbf{Pierre} \textbf{Kawak} and Makayla Branham and William F. Drayer and David S. Simmons},
	Month = {11},
	Organization = {American Institute of Chemical Engineers},
	Series = {AIChE Annual Meeting},
	Address = {Orlando, FL},
	Title = {Tuning Polymer Dynamics Via Sequence Control},
	Year = {2023},
%    url = {http://meetings.aps.org/Meeting/MAR21/Session/Y04.4}
}
% }}}

% {{{
@inproceedings{AIChE2023c,
	Author = {\textbf{Pierre} \textbf{Kawak} and Harshad Bhapkar and David S. Simmons},
	Month = {11},
	Organization = {American Institute of Chemical Engineers},
	Series = {AIChE Annual Meeting},
	Address = {Orlando, FL},
	Title = {Elucidating the Molecular Origins of Reinforcement in Filled Elastomers Via Spatial- and Species-Resolved Stresses from Molecular Dynamics Simulations},
	Year = {2023},
%    url = {http://meetings.aps.org/Meeting/MAR21/Session/Y04.4}
}
% }}}

% {{{
@inproceedings{AIChE2023d,
	Author = {Harshad Bhapkar and \textbf{Pierre} \textbf{Kawak} and David S. Simmons},
	Month = {11},
	Organization = {American Institute of Chemical Engineers},
	Series = {AIChE Annual Meeting},
	Address = {Orlando, FL},
	Title = {Insights into the Dependence of Elastomeric Nanocomposite Mechanics on Nanoparticulate Properties},
	Year = {2023},
%    url = {http://meetings.aps.org/Meeting/MAR21/Session/Y04.4}
}
% }}}

% {{{
@inproceedings{IOP2023,
	Author = {\textbf{Pierre} \textbf{Kawak} and Harshad Bhapkar and David S. Simmons},
	Month = {9},
	Organization = {Institute of Physics}, 
	Series = {IOP Polymer Physics Group Graduate Symposium},
	Address = {Virtual},
	Title = {Dissecting the Payne Effect: How Filler-Polymer Competition Reinforces Elastomeric Nanocomposites},
	Year = {2023},
%    url = {http://meetings.aps.org/Meeting/MAR21/Session/Y04.4}
}
% }}}

% {{{
@inproceedings{USFPhys2023,
	Author = {\textbf{Pierre} \textbf{Kawak}},
	Month = {9},
	Organization = {University of South Florida Department of Physics},
	Series = {Physics Colloquia Series},
	Address = {Tampa, FL},
	Title = {Career Paths in Physics},
	Year = {2023},
%    url = {http://meetings.aps.org/Meeting/MAR21/Session/Y04.4}
}
% }}}

% {{{
@inproceedings{USF2023,
	Author = {\textbf{Pierre} \textbf{Kawak} and Harshad Bhapkar and David S. Simmons},
	Month = {3},
	Organization = {University of South Florida},
	Series = {Annual Postdoctoral Research Symposium},
	Address = {Tampa, FL},
	Title = {Exploring Mechanisms of Enhanced Dissipation in Nanoparticle-filled Rubber Using Molecular Dynamics},
	Year = {2023},
%    url = {https://www.usf.edu/postdoctoral-affairs/postdoc-services/postdoc-spotlight.aspx}
}
% }}}

% {{{
@inproceedings{APS2023c,
	Author = {\textbf{Pierre} \textbf{Kawak} and Harshad Bhapkar and David S. Simmons},
	Month = {3},
	Organization = {American Physical Society},
	Series = {APS March Meeting},
	Address = {Las Vegas, NV},
	Title = {Exploring mechanisms of enhanced dissipation in nanoparticle-filled rubber using molecular dynamics},
	Year = {2023},
%    url = {https://meetings.aps.org/Meeting/MAR23/Session/G00.180},
}
% }}}

% {{{
@inproceedings{APS2023b,
	Author = {Douglas R. Tree and \textbf{Pierre} \textbf{Kawak}},
	Month = {3},
	Organization = {American Physical Society},
	Series = {APS March Meeting},
	Address = {Las Vegas, NV},
	Title = {Free Energy Analysis of Crystal Nucleation of Semiflexible Polymers},
	Year = {2023},
%    url = {https://meetings.aps.org/Meeting/MAR23/Session/Z04.7},
}
% }}}

% {{{
@inproceedings{APS2023a,
	Author = {\textbf{Pierre} \textbf{Kawak} and Harshad Bhapkar and David S. Simmons},
	Month = {3},
	Organization = {American Physical Society},
	Series = {APS March Meeting},
	Address = {Las Vegas, NV},
	Title = {Spatially resolving energy dissipation in molecular dynamics of polymer nanocomposites},
	Year = {2023},
%    url = {https://meetings.aps.org/Meeting/MAR23/Session/Z05.12},
}
% }}}

%%%%%%%%%%%%%%
%%   2022   %%
%%%%%%%%%%%%%%

% {{{
@inproceedings{Kawak:2022c,
	Author = {\textbf{Pierre} \textbf{Kawak} and Dakota S. Banks and Douglas R. Tree},
	Month = {11},
	Organization = {American Institute of Chemical Engineers},
	Series = {AIChE Annual Meeting},
	Address = {Phoenix, AZ},
	Title = {Acute Sensitivity of Polymer Crystallization Phase Behavior to Intermolecular Interactions},
	Year = {2022},
%    url = {https://plan.core-apps.com/aiche2022/event/d98cb6e1bdac50c945a447aee4e4be53},
}
% }}}

%% {{{
%@inproceedings{Kawak:2022b,
%	Author = {\textbf{Pierre} \textbf{Kawak}},
%	Month = {11},
%	Organization = {Out in STEM Incorporated},
%	Series = {oSTEM Conference},
%	Address = {Boston, MA},
%	Title = {Be the Black Sheep: Standing Out from the Crowded Field},
%	Year = {2022},
%%    url = {http://meetings.aps.org/Meeting/MAR21/Session/Y04.4}
%}
%% }}}
%
% {{{
@inproceedings{Kawak:2022a,
	Author = {\textbf{Pierre} \textbf{Kawak} and Dakota S. Banks and Douglas R. Tree},
	Month = {3},
	Organization = {American Physical Society},
	Series = {APS March Meeting},
	Address = {Chicago, IL},
	Title = {Free Energy Analysis of Polymer Crystal Nucleation Indicates Cooperative Crystallization and Nematic Alignment},
	Year = {2022},
%    url = {https://meetings.aps.org/Meeting/MAR22/Session/A19.10}
}
% }}}

%%%%%%%%%%%%%%
%%   2021   %%
%%%%%%%%%%%%%%
% {{{

@inproceedings{Kawak:2021b,
	Author = {\textbf{Pierre} \textbf{Kawak} and Dakota S. Banks and Douglas R. Tree},
	Month = {11},
	Organization = {American Institute of Chemical Engineers},
	Series = {AIChE Annual Meeting},
	Address = {Boston, MA},
	Title = {Free Energy Surfaces for Homogeneous Nucleation in a Polymer Melt},
	Year = {2021},
%    url = {http://meetings.aps.org/Meeting/MAR21/Session/Y04.4}
}

@inproceedings{Kawak:2021a,
	Author = {\textbf{Pierre} \textbf{Kawak} and Dakota S. Banks and Douglas R. Tree},
	Month = {3},
	Organization = {American Physical Society},
	Series = {APS March Meeting},
	Address = {Virtual},
	Title = {GPU-accelerated Wang-Landau Simulation of Polymer Crystallization},
	Year = {2021},
%    url = {http://meetings.aps.org/Meeting/MAR21/Session/Y04.4}
}
% }}}

%%%%%%%%%%%%%%
%%   2020   %%
%%%%%%%%%%%%%%
% {{{
@inproceedings{Kawak:2020b,
 	Author = {\textbf{Pierre} \textbf{Kawak} and Andrew S. Gibson and Logan S. Brown and Beverly Delgado and Douglas R. Tree and Dakota S. Banks},
	Month = {11},
	Organization = {American Institute of Chemical Engineers},
	Series = {AIChE Annual Meeting},
	Address = {Virtual},
	Title = {Investigating Primary Nucleation in Polymer Melts using GPU-Accelerated Wang-Landau Simulations},
	Year = {2020},
%    url = {https://meetings.aps.org/Meeting/MAR20/Session/W33.9}
}

@inproceedings{Kawak:2020a,
 	Author = {\textbf{Pierre} \textbf{Kawak} and Andrew S. Gibson and Logan S. Brown and Beverly Delgado and Douglas R. Tree},
	Month = {3},
	Organization = {American Physical Society},
	Series = {APS March Meeting},
	Address = {Virtual},
	Title = {Wang-Landau Simulation of the Free Energy Surface of Crystallization in a Polymer Melt},
	Year = {2020},
%    url = {https://meetings.aps.org/Meeting/MAR20/Session/W33.9}
}
% }}}

%%%%%%%%%%%%%%
%%   2017   %%
%%%%%%%%%%%%%%
% {{{

@inproceedings{Kawak:2017,
	Author = {\textbf{Pierre} \textbf{Kawak} and Vinod Paul and Paul Kawak and Rita Kassermally and Fatme Lahib and Rute F. Vitor and Mohammad Al-Sayah and Ghaleb A. Husseini},
	Month = {3},
	Organization = {UAE Ministry of Education},
	Series = {Graduate Students Research Conference},
	Address = {Khalifa University, Abu Dhabi, UAE},
	Title = {Doxorubicin-Encapsulated, Estrone-Appended Liposomes Triggered by Ultrasound for the Treatment of Breast Cancer},
	Year = {2017},
  % url = {http://meetings.aps.org/link/BAPS.2012.MAR.Q39.6}
}
% }}}

%%%%%%%%%%%%%%
%%   2016   %%
%%%%%%%%%%%%%%
% {{{

@inproceedings{Kawak:2016,
	Author = {\textbf{Pierre} \textbf{Kawak} and Christian C. Momah and Mohamed A. Elkhodiry and Shaima R. Suwaidi and Dina Gadalla and Fatehia	M. Banamah and Rute F. Vitor and	Hesham G. Moussa and Ana M. Martins and	Mohammad Al-Sayah and Ghaleb A. Husseini},
	Month = {1},
	Organization = {Institute of Engineering and Electronics Engineering},
	Series = {Life Sciences Grand Challenges Conference},
	Address = {Khalifa University, Abu Dhabi, UAE},
	Title = {A Peptide-Targeted	Nanodelivery System	Triggered by Ultrasound for Anticancer Therapy},
	Year = {2016},
%    url = {https://lsgcc.ieee.org/2016/program/}
}
% }}}
