%% --- In reverse chronological order: add new publications to top
@preamble{ " \newcommand{\noop}[1]{} " } % a do-nothing command that serves a purpose

@article{Kawak2025,
   author = {\textbf{P.} \textbf{Kawak} and H. Bhapkar and D. Simmons},
   title={On the origin of heating-induced stiffening and enthalpic reinforcement in elastomeric nanocomposites}, 
   year={2025},
   eprint={2501.06971},
   archivePrefix={arXiv},
}

@article{Kawak2024b,
   author = {\textbf{P.} \textbf{Kawak} and H. Bhapkar and D. Simmons},
   title = {Central role of filler-polymer interplay in nonlinear reinforcement of elastomeric nanocomposites},
   doi = {10.1021/acs.macromol.4c00489},
   publisher = {American Chemical Society},
   journal = {Macromolecules},
   year = {2024},
   volume = {57},
}

@article{Kawak2024,
   title = {Effect of local chain stiffness on oligomer crystallization from a melt},
   doi = {10.1103/PhysRevMaterials.8.075606},
   journal = {Phys. Rev. Mater.},
   author = {\textbf{Kawak}, \textbf{P.} and Akiki, C. and Tree, D.},
   year = {2024},
%   pages = {075606},
   volume = {8},
}

@article{Kawak2021,
   author = {\textbf{P.} \textbf{Kawak} and D. Banks and D. Tree},
   doi = {10.1063/5.0067788},
%   issn = {0021-9606},
   journal = {J. Chem. Phys.},
%   pages = {214902},
%   month = {11},
   title = {Semiflexible oligomers crystallize via a cooperative phase transition},
   volume = {155},
   year = {2021},
}
%
%@article{Salkho2018,
%    author = {Salkho, Najla M. and Paul, Vinod and \textbf{Kawak}, \textbf{P.} and Vitor, Rute F. and Martins, Ana M. and {Al Sayah}, Mohammad and Husseini, Ghaleb A.},
%    doi = {10.1080/21691401.2018.1459634},
%%issn = {2169-1401},
%    journal = {Artificial Cells, Nanomedicine, and Biotechnology},
%%number = {sup2},
%    pages = {462--472},
%    title = {{Ultrasonically controlled estrone-modified liposomes for estrogen-positive breast cancer therapy}},
%%url = {https://www.tandfonline.com/doi/full/10.1080/21691401.2018.1459634},
%    volume = {46},
%    year = {2018}
%}
